@inproceedings{tomasi1998bilateral,
  title={Bilateral filtering for gray and color images.},
  author={Tomasi, Carlo and Manduchi, Roberto},
  booktitle={International Journal of Computer Vision},
  volume={98},
  number={1},
  pages={2},
  year={1998}
}

@inproceedings{he2010guided,
  title={Guided image filtering},
  author={He, Kaiming and Sun, Jian and Tang, Xiaoou},
  booktitle={European Conference on Computer Vision},
  pages={1--14},
  year={2010},
  organization={Springer}
}

@article{he2015fast,
  title={Fast guided filter},
  author={He, Kaiming and Sun, Jian},
  journal={arXiv preprint arXiv:1505.00996},
  year={2015}
}

@inproceedings{wu2018fast,
  title={Fast end-to-end trainable guided filter},
  author={Wu, Huikai and Zheng, Shuai and Zhang, Junge and Huang, Kaiqi},
  booktitle={Proceedings of the IEEE Conference on Computer Vision and Pattern Recognition},
  pages={1838--1847},
  year={2018}
}

@inproceedings{farbman2008edge,
  title={Edge-preserving decompositions for multi-scale tone and detail manipulation},
  author={Farbman, Zeev and Fattal, Raanan and Lischinski, Dani and Szeliski, Richard},
  booktitle={ACM Transactions on Graphics (TOG)},
  volume={27},
  number={3},
  pages={67},
  year={2008},
  organization={ACM}
}

@article{min2014fast,
  title={Fast global image smoothing based on weighted least squares},
  author={Min, Dongbo and Choi, Sunghwan and Lu, Jiangbo and Ham, Bumsub and Sohn, Kwanghoon and Do, Minh N},
  journal={IEEE Transactions on Image Processing},
  volume={23},
  number={12},
  pages={5638--5653},
  year={2014},
  publisher={IEEE}
}

@inproceedings{farbman2008edge,
  title={Edge-preserving decompositions for multi-scale tone and detail manipulation},
  author={Farbman, Zeev and Fattal, Raanan and Lischinski, Dani and Szeliski, Richard},
  booktitle={ACM Transactions on Graphics (TOG)},
  volume={27},
  number={3},
  pages={67},
  year={2008},
  organization={ACM}
}

@article{bi20151,
  title={An L 1 image transform for edge-preserving smoothing and scene-level intrinsic decomposition},
  author={Bi, Sai and Han, Xiaoguang and Yu, Yizhou},
  journal={ACM Transactions on Graphics (TOG)},
  volume={34},
  number={4},
  pages={78},
  year={2015},
  publisher={ACM}
}

@inproceedings{fan2017generic,
  title={A generic deep architecture for single image reflection removal and image smoothing},
  author={Fan, Qingnan and Yang, Jiaolong and Hua, Gang and Chen, Baoquan and Wipf, David},
  booktitle={Proceedings of the IEEE International Conference on Computer Vision},
  pages={3238--3247},
  year={2017}
}


@inproceedings{xu2015deep,
  title={Deep edge-aware filters},
  author={Xu, Li and Ren, Jimmy and Yan, Qiong and Liao, Renjie and Jia, Jiaya},
  booktitle={International Conference on Machine Learning},
  pages={1669--1678},
  year={2015}
}



@inproceedings{fan2018image,
  title={Image smoothing via unsupervised learning},
  author={Fan, Qingnan and Yang, Jiaolong and Wipf, David and Chen, Baoquan and Tong, Xin},
  booktitle={SIGGRAPH Asia 2018 Technical Papers},
  pages={259},
  year={2018},
  organization={ACM}
}

@article{gatys2015neural,
  title={A neural algorithm of artistic style},
  author={Gatys, Leon A and Ecker, Alexander S and Bethge, Matthias},
  journal={arXiv preprint arXiv:1508.06576},
  year={2015}
}

@inproceedings{gatys2016image,
  title={Image style transfer using convolutional neural networks},
  author={Gatys, Leon A and Ecker, Alexander S and Bethge, Matthias},
  booktitle={Proceedings of the IEEE Conference on Computer Vision and Pattern Recognition},
  pages={2414--2423},
  year={2016}
}

@inproceedings{johnson2016perceptual,
  title={Perceptual losses for real-time style transfer and super-resolution},
  author={Johnson, Justin and Alahi, Alexandre and Fei-Fei, Li},
  booktitle={European Conference on Computer Vision},
  pages={694--711},
  year={2016},
  organization={Springer}
}

@article{liao2017visual,
  title={Visual attribute transfer through deep image analogy},
  author={Liao, Jing and Yao, Yuan and Yuan, Lu and Hua, Gang and Kang, Sing Bing},
  journal={arXiv preprint arXiv:1705.01088},
  year={2017}
}


@inproceedings{krizhevsky2012imagenet,
  title={Imagenet classification with deep convolutional neural networks},
  author={Krizhevsky, Alex and Sutskever, Ilya and Hinton, Geoffrey E},
  booktitle={Advances in Neural Information Processing Systems},
  pages={1097--1105},
  year={2012}
}

@article{simonyan2014very,
  title={Very deep convolutional networks for large-scale image recognition},
  author={Simonyan, Karen and Zisserman, Andrew},
  journal={arXiv preprint arXiv:1409.1556},
  year={2014}
}

@inproceedings{mahendran2015understanding,
  title={Understanding deep image representations by inverting them},
  author={Mahendran, Aravindh and Vedaldi, Andrea},
  booktitle={Proceedings of the IEEE Conference on Computer Vision and Pattern Recognition},
  pages={5188--5196},
  year={2015}
}

@article{dumoulin2016learned,
  title={A learned representation for artistic style},
  author={Dumoulin, Vincent and Shlens, Jonathon and Kudlur, Manjunath},
  journal={arXiv preprint arXiv:1610.07629},
  year={2016}
}

@article{ulyanov2016instance,
  title={Instance normalization: The missing ingredient for fast stylization},
  author={Ulyanov, Dmitry and Vedaldi, Andrea and Lempitsky, Victor},
  journal={arXiv preprint arXiv:1607.08022},
  year={2016}
}

@inproceedings{huang2017arbitrary,
  title={Arbitrary style transfer in real-time with adaptive instance normalization},
  author={Huang, Xun and Belongie, Serge},
  booktitle={Proceedings of the IEEE International Conference on Computer Vision},
  pages={1501--1510},
  year={2017}
}


@inproceedings{li2017universal,
  title={Universal style transfer via feature transforms},
  author={Li, Yijun and Fang, Chen and Yang, Jimei and Wang, Zhaowen and Lu, Xin and Yang, Ming-Hsuan},
  booktitle={Advances in Neural Information Processing Systems},
  pages={386--396},
  year={2017}
}

@inproceedings{luan2017deep,
  title={Deep photo style transfer},
  author={Luan, Fujun and Paris, Sylvain and Shechtman, Eli and Bala, Kavita},
  booktitle={Proceedings of the IEEE Conference on Computer Vision and Pattern Recognition},
  pages={4990--4998},
  year={2017}
}

@inproceedings{goodfellow2014generative,
  title={Generative adversarial nets},
  author={Goodfellow, Ian and Pouget-Abadie, Jean and Mirza, Mehdi and Xu, Bing and Warde-Farley, David and Ozair, Sherjil and Courville, Aaron and Bengio, Yoshua},
  booktitle={Advances in Neural Information Processing Systems},
  pages={2672--2680},
  year={2014}
}

@inproceedings{isola2017image,
  title={Image-to-image translation with conditional adversarial networks},
  author={Isola, Phillip and Zhu, Jun-Yan and Zhou, Tinghui and Efros, Alexei A},
  booktitle={Proceedings of the IEEE Conference on Computer Vision and Pattern Recognition},
  pages={1125--1134},
  year={2017}
}

@inproceedings{CycleGAN2017,
  title={Unpaired Image-to-Image Translation using Cycle-Consistent Adversarial Networks},
  author={Zhu, Jun-Yan and Park, Taesung and Isola, Phillip and Efros, Alexei A},
  booktitle={Proceedings of IEEE International Conference on Computer Vision},
  year={2017}
}

@inproceedings{huang2018multimodal,
  title={Multimodal unsupervised image-to-image translation},
  author={Huang, Xun and Liu, Ming-Yu and Belongie, Serge and Kautz, Jan},
  booktitle={Proceedings of the European Conference on Computer Vision (ECCV)},
  pages={172--189},
  year={2018}
}


@inproceedings{lee2018diverse,
  title={Diverse image-to-image translation via disentangled representations},
  author={Lee, Hsin-Ying and Tseng, Hung-Yu and Huang, Jia-Bin and Singh, Maneesh and Yang, Ming-Hsuan},
  booktitle={Proceedings of the European Conference on Computer Vision (ECCV)},
  pages={35--51},
  year={2018}
}

@inproceedings{sanakoyeu2018style,
  title={A style-aware content loss for real-time hd style transfer},
  author={Sanakoyeu, Artsiom and Kotovenko, Dmytro and Lang, Sabine and Ommer, Bjorn},
  booktitle={Proceedings of the European Conference on Computer Vision (ECCV)},
  pages={698--714},
  year={2018}
}

@inproceedings{chen2018cartoongan,
  title={Cartoongan: Generative adversarial networks for photo cartoonization},
  author={Chen, Yang and Lai, Yu-Kun and Liu, Yong-Jin},
  booktitle={Proceedings of the IEEE Conference on Computer Vision and Pattern Recognition},
  pages={9465--9474},
  year={2018}
}

@article{yoo2019photorealistic,
  title={Photorealistic Style Transfer via Wavelet Transforms},
  author={Yoo, Jaejun and Uh, Youngjung and Chun, Sanghyuk and Kang, Byeongkyu and Ha, Jung-Woo},
  journal={arXiv preprint arXiv:1903.09760},
  year={2019}
}

@inproceedings{li2018closed,
  title={A closed-form solution to photorealistic image stylization},
  author={Li, Yijun and Liu, Ming-Yu and Li, Xueting and Yang, Ming-Hsuan and Kautz, Jan},
  booktitle={Proceedings of the European Conference on Computer Vision (ECCV)},
  pages={453--468},
  year={2018}
}

@article{bi20151,
  title={An L 1 image transform for edge-preserving smoothing and scene-level intrinsic decomposition},
  author={Bi, Sai and Han, Xiaoguang and Yu, Yizhou},
  journal={ACM Transactions on Graphics (TOG)},
  volume={34},
  number={4},
  pages={78},
  year={2015},
  publisher={ACM}
}

@inproceedings{xu2011image,
  title={Image smoothing via L 0 gradient minimization},
  author={Xu, Li and Lu, Cewu and Xu, Yi and Jia, Jiaya},
  booktitle={ACM Transactions on Graphics (TOG)},
  volume={30},
  number={6},
  pages={174},
  year={2011},
  organization={ACM}
}


@inproceedings{hoiem2005automatic,
  title={Automatic photo pop-up},
  author={Hoiem, Derek and Efros, Alexei A and Hebert, Martial},
  booktitle={ACM transactions on graphics (TOG)},
  volume={24},
  number={3},
  pages={577--584},
  year={2005},
  organization={ACM}
}



@article{li2004lazy,
  title={Lazy snapping},
  author={Li, Yin and Sun, Jian and Tang, Chi-Keung and Shum, Heung-Yeung},
  journal={ACM Transactions on Graphics (ToG)},
  volume={23},
  number={3},
  pages={303--308},
  year={2004},
  publisher={ACM}
}


@inproceedings{he2006learning,
  title={Learning and incorporating top-down cues in image segmentation},
  author={He, Xuming and Zemel, Richard S and Ray, Debajyoti},
  booktitle={European Conference on Computer Vision},
  pages={338--351},
  year={2006},
  organization={Springer}
}


@article{levinshtein2013multiscale,
  title={Multiscale symmetric part detection and grouping},
  author={Levinshtein, Alex and Sminchisescu, Cristian and Dickinson, Sven},
  journal={International Journal of Computer Vision},
  volume={104},
  number={2},
  pages={117--134},
  year={2013},
  publisher={Springer}
}

@article{felzenszwalb2004efficient,
  title={Efficient graph-based image segmentation},
  author={Felzenszwalb, Pedro F and Huttenlocher, Daniel P},
  journal={International Journal of Computer Vision},
  volume={59},
  number={2},
  pages={167--181},
  year={2004},
  publisher={Springer}
}

@inproceedings{mori2005guiding,
  title={Guiding model search using segmentation},
  author={Mori, Greg},
  booktitle={Proceedings of IEEE International Conference on Computer Vision},
  volume={2},
  pages={1417--1423},
  year={2005},
  organization={IEEE}
}


@inproceedings{moore2008superpixel,
  title={Superpixel lattices},
  author={Moore, Alastair P and Prince, Simon JD and Warrell, Jonathan and Mohammed, Umar and Jones, Graham},
  booktitle={Proceedings of IEEE Conference on Computer Vision and Pattern Recognition},
  pages={1--8},
  year={2008},
  organization={Citeseer}
}


@inproceedings{vedaldi2008quick,
  title={Quick shift and kernel methods for mode seeking},
  author={Vedaldi, Andrea and Soatto, Stefano},
  booktitle={European Conference on Computer Vision},
  pages={705--718},
  year={2008},
  organization={Springer}
}

@article{levinshtein2009turbopixels,
  title={Turbopixels: Fast superpixels using geometric flows},
  author={Levinshtein, Alex and Stere, Adrian and Kutulakos, Kiriakos N and Fleet, David J and Dickinson, Sven J and Siddiqi, Kaleem},
  journal={IEEE Transactions on Pattern Analysis and Machine Intelligence},
  volume={31},
  number={12},
  pages={2290--2297},
  year={2009},
  publisher={IEEE}
}


@article{comaniciu2002mean,
  title={Mean shift: A robust approach toward feature space analysis},
  author={Comaniciu, Dorin and Meer, Peter},
  journal={IEEE Transactions on Pattern Analysis \& Machine Intelligence},
  number={5},
  pages={603--619},
  year={2002},
  publisher={IEEE}
}



@article{achanta2012slic,
  title={SLIC superpixels compared to state-of-the-art superpixel methods},
  author={Achanta, Radhakrishna and Shaji, Appu and Smith, Kevin and Lucchi, Aurelien and Fua, Pascal and S{\"u}sstrunk, Sabine},
  journal={IEEE Transactions on Pattern Analysis and Machine Intelligence},
  volume={34},
  number={11},
  pages={2274--2282},
  year={2012},
  publisher={IEEE}
}


@inproceedings{jampani2018superpixel,
  title={Superpixel sampling networks},
  author={Jampani, Varun and Sun, Deqing and Liu, Ming-Yu and Yang, Ming-Hsuan and Kautz, Jan},
  booktitle={Proceedings of the European Conference on Computer Vision (ECCV)},
  pages={352--368},
  year={2018}
}

@inproceedings{abadi2016tensorflow,
  title={Tensorflow: A system for large-scale machine learning},
  author={Abadi, Mart{\'\i}n and Barham, Paul and Chen, Jianmin and Chen, Zhifeng and Davis, Andy and Dean, Jeffrey and Devin, Matthieu and Ghemawat, Sanjay and Irving, Geoffrey and Isard, Michael and others},
  booktitle={12th Symposium on Operating Systems Design and Implementation},
  pages={265--283},
  year={2016}
}


@article{kingma2014adam,
  title={Adam: A method for stochastic optimization},
  author={Kingma, Diederik P and Ba, Jimmy},
  journal={arXiv preprint arXiv:1412.6980},
  year={2014}
}

@inproceedings{karras2019style,
  title={A style-based generator architecture for generative adversarial networks},
  author={Karras, Tero and Laine, Samuli and Aila, Timo},
  booktitle={Proceedings of the IEEE Conference on Computer Vision and Pattern Recognition},
  pages={4401--4410},
  year={2019}
}


@article{aly2005image,
  title={Image up-sampling using total-variation regularization with a new observation model},
  author={Aly, Hussein A and Dubois, Eric},
  journal={IEEE Transactions on Image Processing},
  volume={14},
  number={10},
  pages={1647--1659},
  year={2005},
  publisher={IEEE}
}


@article{canny1986computational,
  title={A computational approach to edge detection},
  author={Canny, John},
  journal={IEEE Transactions on Pattern Analysis and Machine Intelligence},
  number={6},
  pages={679--698},
  year={1986},
  publisher={Ieee}
}

@inproceedings{kyprianidis2008image,
  title={Image Abstraction by Structure Adaptive Filtering.},
  author={Kyprianidis, Jan Eric and D{\"o}llner, J{\"u}rgen},
  booktitle={TPCG},
  pages={51--58},
  year={2008}
}

@inproceedings{heusel2017gans,
  title={Gans trained by a two time-scale update rule converge to a local nash equilibrium},
  author={Heusel, Martin and Ramsauer, Hubert and Unterthiner, Thomas and Nessler, Bernhard and Hochreiter, Sepp},
  booktitle={Advances in Neural Information Processing Systems},
  pages={6626--6637},
  year={2017}
}

@inproceedings{szegedy2016rethinking,
  title={Rethinking the inception architecture for computer vision},
  author={Szegedy, Christian and Vanhoucke, Vincent and Ioffe, Sergey and Shlens, Jon and Wojna, Zbigniew},
  booktitle={Proceedings of the IEEE Conference on Computer Vision and Pattern Recognition},
  pages={2818--2826},
  year={2016}
}

@inproceedings{ronneberger2015u,
  title={U-net: Convolutional networks for biomedical image segmentation},
  author={Ronneberger, Olaf and Fischer, Philipp and Brox, Thomas},
  booktitle={International Conference on Medical image computing and computer-assisted intervention},
  pages={234--241},
  year={2015},
  organization={Springer}
}

@inproceedings{zhang2018two,
  title={Two-stage sketch colorization},
  author={Zhang, Lvmin and Li, Chengze and Wong, Tien-Tsin and Ji, Yi and Liu, Chunping},
  booktitle={SIGGRAPH Asia 2018 Technical Papers},
  pages={261},
  year={2018},
  organization={ACM}
}

@inproceedings{pathak2016context,
  title={Context encoders: Feature learning by inpainting},
  author={Pathak, Deepak and Krahenbuhl, Philipp and Donahue, Jeff and Darrell, Trevor and Efros, Alexei A},
  booktitle={Proceedings of the IEEE Conference on Computer Vision and Pattern Recognition},
  pages={2536--2544},
  year={2016}
}

@inproceedings{li2019im2pencil,
  title={Im2Pencil: Controllable Pencil Illustration from Photographs},
  author={Li, Yijun and Fang, Chen and Hertzmann, Aaron and Shechtman, Eli and Yang, Ming-Hsuan},
  booktitle={Proceedings of the IEEE Conference on Computer Vision and Pattern Recognition},
  pages={1525--1534},
  year={2019}
}

@inproceedings{zhang2016colorful,
  title={Colorful image colorization},
  author={Zhang, Richard and Isola, Phillip and Efros, Alexei A},
  booktitle={European Conference on Computer Vision},
  pages={649--666},
  year={2016},
  organization={Springer}
}

@inproceedings{xu2011image,
  title={Image smoothing via L 0 gradient minimization},
  author={Xu, Li and Lu, Cewu and Xu, Yi and Jia, Jiaya},
  booktitle={ACM Transactions on Graphics (TOG)},
  volume={30},
  number={6},
  pages={174},
  year={2011},
  organization={ACM}
}

@inproceedings{lu2012combining,
  title={Combining sketch and tone for pencil drawing production},
  author={Lu, Cewu and Xu, Li and Jia, Jiaya},
  booktitle={Proceedings of the Symposium on Non-Photorealistic Animation and Rendering},
  pages={65--73},
  year={2012},
  organization={Eurographics Association}
}

@inproceedings{shahcheraghi2013effects,
  title={On the effects of pre-and post-processing in video cartoonization with bilateral filters},
  author={Shahcheraghi, Zoya and See, John},
  booktitle={Proceedings of IEEE International Conference on Signal and Image Processing Applications},
  pages={37--42},
  year={2013},
  organization={IEEE}
}

@inproceedings{van2004real,
  title={Real-time watercolor painting on a distributed paper model},
  author={Van Laerhoven, Tom and Liesenborgs, Jori and Van Reeth, Frank},
  booktitle={Proceedings Computer Graphics International, 2004.},
  pages={640--643},
  year={2004},
  organization={IEEE}
}

@inproceedings{curtis1997computer,
  title={Computer-generated watercolor},
  author={Curtis, Cassidy J and Anderson, Sean E and Seims, Joshua E and Fleischer, Kurt W and Salesin, David H},
  booktitle={Proceedings of the 24th annual conference on Computer graphics and interactive techniques},
  pages={421--430},
  year={1997},
  organization={ACM Press/Addison-Wesley Publishing Co.}
}

@inproceedings{wang2004video,
  title={Video tooning},
  author={Wang, Jue and Xu, Yingqing and Shum, Heung-Yeung and Cohen, Michael F},
  booktitle={ACM Transactions on Graphics (ToG)},
  volume={23},
  number={3},
  pages={574--583},
  year={2004},
  organization={ACM}
}

@inproceedings{rosin2015non,
  title={Non-photorealistic rendering of portraits},
  author={Rosin, Paul L and Lai, Yu-Kun},
  booktitle={Proceedings of the workshop on Computational Aesthetics},
  pages={159--170},
  year={2015},
  organization={Eurographics Association}
}

@inproceedings{yang2010semantics,
  title={Semantics-driven portrait cartoon stylization},
  author={Yang, Ming and Lin, Shu and Luo, Ping and Lin, Liang and Chao, Hongyang},
  booktitle={Proceedings of IEEE International Conference on Image Processing},
  pages={1805--1808},
  year={2010},
  organization={IEEE}
}

@inproceedings{ignatov2018wespe,
  title={WESPE: weakly supervised photo enhancer for digital cameras},
  author={Ignatov, Andrey and Kobyshev, Nikolay and Timofte, Radu and Vanhoey, Kenneth and Van Gool, Luc},
  booktitle={Proceedings of the IEEE Conference on Computer Vision and Pattern Recognition Workshops},
  pages={691--700},
  year={2018}
}

@article{uijlings2013selective,
  title={Selective search for object recognition},
  author={Uijlings, Jasper RR and Van De Sande, Koen EA and Gevers, Theo and Smeulders, Arnold WM},
  journal={International Journal of Computer Vision},
  volume={104},
  number={2},
  pages={154--171},
  year={2013},
  publisher={Springer}
}

@inproceedings{lin2014microsoft,
  title={Microsoft coco: Common objects in context},
  author={Lin, Tsung-Yi and Maire, Michael and Belongie, Serge and Hays, James and Perona, Pietro and Ramanan, Deva and Doll{\'a}r, Piotr and Zitnick, C Lawrence},
  booktitle={European Conference on Computer Vision},
  pages={740--755},
  year={2014},
  organization={Springer}
}
